@misc
{ref1,
author={Nautilus},
title={Adresse Video Caméra Frontale},
howpublished = {\href{http://169.254.14.03:8081}{169.254.14.03:8081}},
year={2018},
note={}
}
@misc
{ref2,
author={Mouse Electronics},
title={Module Camera V2 Raspberry},
howpublished = {\href{https://www.mouser.fr/ProductDetail/SparkFun/DEV-14028?qs=sGAEpiMZZMsB9HsreUc%20%252biQuTz4%2fXD%2fVgeee971KrtC4%3d}{Site : Mouse Electronics}},
year={2018},
note={}
}
@misc
{ref3,
author={Nautilus},
title={Adresse Video Caméra du dessous},
howpublished = {\href{http://169.254.14.03:8000/}{169.254.14.03:8000}},
year={2018},
note={}
}
@misc
{ref4,
author={GitHub},
title={Code Java de l'interface},
howpublished = {\href{https://github.com/ROV-Nautilus/Nautilus/tree/master/Interface}{Site : Github}},
year={2018},
note={}
}
@misc
{ref5,
author={Conrad},
title={Moteur d'avion électrique brushless ROXXY 315079 chez Conrad (x3)},
howpublished = {\href{http://www.conrad.fr/ce/fr/product/231891/Moteur-davion-lectrique-brushless-ROXXY-315079?ref=searchDetail}{Site : Conrad}},
year={2018},
note={}
}
@misc
{ref6,
author={RobotShop},
title={ESC Suppo Multirotor 20A M20A chez RobotShop (x3)},
howpublished = {\href{https://www.robotshop.com/eu/fr/esc-multirotor-20a-m20a.html}{Site : RobotShop}},
year={2018},
note={}
}
@misc
{ref7,
author={HobbyKing},
title={ESC HobbyKing 30A avec Reverse (x1)},
howpublished = {\href{https://hobbyking.com/fr_fr/hobbykingr-tm-brushless-car-esc-30a-w-reverse.html}{Site : Hobbyking}},
year={2018},
note={}
}
@misc
{ref8,
author={Github},
title={Programme ServoBlaster},
howpublished = {\href{https://github.com/richardghirst/PiBits/tree/master/ServoBlaster}{Site : ServoBlaster}},
year={2018},
note={}
}
@misc
{ref9,
author={TopModel},
title={Radiocommande Graupner MX-20 (disponible à l'ENSEA)},
howpublished = {\href{https://www.topmodel.fr/product-detail-18656-graupner-mx-20-hott-12160?lang=fr}{Site : TopModel}},
year={2018},
note={}
}
@misc
{ref10,
author={Conrad},
title={Batterie d'accumulateurs (NiMh) 7.2 V 3000 mAh Conrad (x1)},
howpublished = {\href{http://www.conrad.fr/ce/fr/product/206028/Batterie-daccumulateurs-NiMh-72-V-3000-mAh-Conrad-energy-206028-stick-fiche-Tamiya-mle?ref=searchDetail}{Site : Conrad}},
year={2018},
note={}
}
@misc
{ref11,
author={Sparkfun},
title={MS5803-14BA de Sparkfun},
howpublished = {\href{https://www.sparkfun.com/products/12909}{Site : Sparkfun}},
year={2018},
note={}
}
@misc
{ref12,
author={GitHub},
title={Script MS580314BA},
howpublished = {\href{https://github.com/ControlEverythingCommunity/MS5803-14BA}{Site : Github}},
year={2018},
note={}
}
@misc
{ref13,
author={Pololu},
title={MinIMU-9 v2 de Pololu},
howpublished = {\href{https://www.pololu.com/product/1268}{Site : Pololu}},
year={2018},
note={}
}
@misc
{ref14,
author={DavidEGrayson},
title={MinIMU-9 v2 de Pololu},
howpublished = {\href{https://github.com/DavidEGrayson/minimu9-ahrs}{Site : Github}},
year={2018},
note={}
}